
@article{TheNLPBook,
    abstract = {Not available},
    author = {Jurafsky, D. and Martin, J. H.},
    publisher = {Pearson International},
    title = {Speech and Language Processing: An Introduction to Natural Language Processing, Computational Linguistics, and Speech Recognition},
    year = {2009},
    journal = {ABC}
}

@article{ClusterAlgoSurveyIBM,
    abstract = {Not available},
    author = {Aggarwal, C. C. and Zhai, C.X.},
    publisher = {IBM T.J. Watson Research Center & University of Illinois},
    title = {A Survey of Text Clustering Algorithms},
    year = {2012},
    journal = {ABC}
}

@article{TextMiningReport2005,
    abstract = {Not available},
    author = {Witte, R. and Mülle, J.},
    publisher = {Universität Karlsruhe},
    title = {Text Mining: Wissensgewinnung aus natürlichsprachigen Dokumenten},
    year = {2004/2005},
    journal = {ABC}
}

